<record xmlns="http://www.loc.gov/MARC21/slim">
   <leader>04995cam a2200397 i 45 0</leader>
   <controlfield tag="001">6785705</controlfield>
   <controlfield tag="003">OCoLC</controlfield>
   <controlfield tag="005">20150528132634.0</controlfield>
   <controlfield tag="008">141120s2015    nyu           001 0 eng  </controlfield>
   <datafield ind1=" " ind2=" " tag="010">
      <subfield code="a">  2014045798</subfield>
   </datafield>
   <datafield ind1=" " ind2=" " tag="020">
      <subfield code="a">9780814449059 (pbk.)</subfield>
   </datafield>
   <datafield ind1=" " ind2=" " tag="020">
      <subfield code="a">0814449050 (pbk.)</subfield>
   </datafield>
   <datafield ind1=" " ind2=" " tag="020">
      <subfield code="z">9780814449066 (ebook)</subfield>
   </datafield>
   <datafield ind1=" " ind2=" " tag="035">
      <subfield code="a">ocn897042275</subfield>
   </datafield>
   <datafield ind1=" " ind2=" " tag="040">
      <subfield code="a">DLC</subfield>
      <subfield code="b">eng</subfield>
      <subfield code="e">rda</subfield>
      <subfield code="c">DLC</subfield>
      <subfield code="d">BDX</subfield>
      <subfield code="d">BTCTA</subfield>
      <subfield code="d">OCLCF</subfield>
      <subfield code="d">IAD</subfield>
      <subfield code="d">OSU</subfield>
      <subfield code="d">CDX</subfield>
      <subfield code="d">YDXCP</subfield>
      <subfield code="d">AFMK</subfield>
   </datafield>
   <datafield ind1=" " ind2=" " tag="042">
      <subfield code="a">pcc</subfield>
   </datafield>
   <datafield ind1="0" ind2="0" tag="050">
      <subfield code="a">HF5415.5</subfield>
      <subfield code="b">.T664 2015</subfield>
   </datafield>
   <datafield ind1="0" ind2="0" tag="082">
      <subfield code="a">658.8/12</subfield>
      <subfield code="2">23</subfield>
   </datafield>
   <datafield ind1=" " ind2=" " tag="090">
      <subfield code="a">HF 5415.5 T664 2015</subfield>
      <subfield code="b">AGPC</subfield>
   </datafield>
   <datafield ind1=" " ind2=" " tag="090">
      <subfield code="a">HF 5415.5 T664 2015</subfield>
      <subfield code="b">AFMK</subfield>
   </datafield>
   <datafield ind1="1" ind2=" " tag="100">
      <subfield code="a">Toporek, Adam.</subfield>
   </datafield>
   <datafield ind1="1" ind2="0" tag="245">
      <subfield code="a">Be your customer's hero :</subfield>
      <subfield code="b">real-world tips &amp; techniques for the service front lines /</subfield>
      <subfield code="c">Adam Toporek.</subfield>
   </datafield>
   <datafield ind1=" " ind2="1" tag="260">
      <subfield code="a">New York :</subfield>
      <subfield code="b">AMACOM American Management Association,</subfield>
      <subfield code="c">2015.</subfield>
   </datafield>
   <datafield ind1=" " ind2="4" tag="264">
      <subfield code="c">©2015</subfield>
   </datafield>
   <datafield ind1=" " ind2=" " tag="300">
      <subfield code="a">xii, 244 pages ;</subfield>
      <subfield code="c">23 cm</subfield>
   </datafield>
   <datafield ind1=" " ind2=" " tag="336">
      <subfield code="a">text</subfield>
      <subfield code="2">rdacontent</subfield>
   </datafield>
   <datafield ind1=" " ind2=" " tag="337">
      <subfield code="a">unmediated</subfield>
      <subfield code="2">rdamedia</subfield>
   </datafield>
   <datafield ind1=" " ind2=" " tag="338">
      <subfield code="a">volume</subfield>
      <subfield code="2">rdacarrier</subfield>
   </datafield>
   <datafield ind1=" " ind2=" " tag="500">
      <subfield code="a">Includes index.</subfield>
   </datafield>
   <datafield ind1="0" ind2=" " tag="505">
      <subfield code="a">Acknowledgments -- Introduction -- Before we get started -- Great service is all in your head -- The customer is always -- Winning is not a customer service goal -- Do you know your mental rules? -- Be proud, and then swallow your pride -- Keep your cool when the ball comes at you -- Are you renting customers space in your head? -- It's true: your attitude does determine your altitude -- The mind of the modern customer -- Customers have mental rules, too -- What's in it for me? -- All customers are irrational -- Everyone is rushed, everyone is stressed -- You don't know your customer's story -- Everyone's been burned before -- The seven service triggers -- Introducing the seven service triggers -- Service trigger #1: being ignored -- Service trigger #2: being abandoned -- Avoiding service triggers #1 and #2 -- Service trigger #3: being hassled -- Service trigger #4: being faced with incompetence -- Service trigger #5: being shuffled -- Service trigger #6: being powerless -- Service trigger #7: being disrespected -- Be a great teammate -- Why teamwork matters -- Rise above, don't stoop down -- It's showtime -- The clothes make the rep -- Always be professional -- Set the next shift up for success -- Five reasons customer documentation matters -- Document quickly and effectively -- When to help a teammate with a customer -- Own the service floor -- Make that first impression count -- How are you today? -- How to handle "i'm just browsing" -- Don't be a helicopter rep -- Can you remember one thing? -- The name game is no game -- Judge not lest ye miss an opportunity -- Become the customer's personal detective -- Never talk badly about customers with customers -- Wow customers in the blink of an eye -- Communicate like a pro -- Customer service lessons grandma taught you -- Give your customers your undivided attention -- Is your body language saying the right things? -- Smile when you dial -- The phone is different, and the same -- Use brwy communication -- Want to help your customers? shut up -- Ask questions, lots of questions -- Jargon is a wall between you and the customer -- 10 power words you must use -- Assure accountability -- Always get buy-in for your response times -- Don't make promises you can't keep -- The art of the pivot -- Master difficult situations -- Complaints should come with bows on them -- Listening is a start, understanding is the goal -- Cater to your customers with this service process -- Focus on what you can do, not on what you can't -- Making it right is more important than being right -- Let upset customers punch themselves out -- What to do when the customer won't stop talking -- The art of framing -- Sales techniques that help close the deal -- Use your authority -- Don't blame the policy for the problem -- Fine print isn't always so fine for customers -- Handling customer service "experts" -- When a complaint is a scam -- Handle nightmare customers -- Applying what you know when the heat is on -- There's no silver bullet for a hand grenade -- 13 go-to tactics for defusing angry customers -- How to draw the line with a customer -- How to handle customer threats -- What to do when a customer with an audience goes crazy -- Understand the digital front lines -- The channel impacts the message -- Privacy and security are the new triggers -- Good email is an art -- The social customer is here to stay -- Be your customer's hero -- What really makes a hero-class customer experience? -- Adopt the mindset of a hero -- Be your customer's hero -- Putting what you've learned into practice -- Index.</subfield>
   </datafield>
   <datafield ind1=" " ind2=" " tag="596">
      <subfield code="a">8 28</subfield>
   </datafield>
   <datafield ind1=" " ind2="0" tag="650">
      <subfield code="a">Customer services.</subfield>
   </datafield>
   <datafield ind1=" " ind2="0" tag="650">
      <subfield code="a">Customer relations.</subfield>
   </datafield>
   <datafield ind1=" " ind2="0" tag="650">
      <subfield code="a">Management.</subfield>
   </datafield>
   <datafield ind1=" " ind2=" " tag="926">
      <subfield code="a">HF 5415.5 T664 2015</subfield>
      <subfield code="w">LC</subfield>
      <subfield code="c">1</subfield>
      <subfield code="i">34917001375547</subfield>
      <subfield code="d">7/6/2015</subfield>
      <subfield code="e">7/6/2015</subfield>
      <subfield code="l">ON_SHELF</subfield>
      <subfield code="m">KEYANO</subfield>
      <subfield code="n">1</subfield>
      <subfield code="p">$16.69</subfield>
      <subfield code="r">Y</subfield>
      <subfield code="s">Y</subfield>
      <subfield code="t">BOOK</subfield>
      <subfield code="u">1/20/2015</subfield>
      <subfield code="o">.STAFF. Rec'd May/15 MW</subfield>
   </datafield>
   <datafield ind1=" " ind2=" " tag="926">
      <subfield code="a">HF 5415.5 T664 2015</subfield>
      <subfield code="w">LC</subfield>
      <subfield code="c">1</subfield>
      <subfield code="i">31847001275178</subfield>
      <subfield code="d">7/27/2015</subfield>
      <subfield code="e">7/9/2015</subfield>
      <subfield code="l">ON_SHELF</subfield>
      <subfield code="m">GPRC_GP</subfield>
      <subfield code="n">1</subfield>
      <subfield code="p">$150.00</subfield>
      <subfield code="r">Y</subfield>
      <subfield code="s">Y</subfield>
      <subfield code="t">BOOK</subfield>
      <subfield code="u">3/11/2015</subfield>
   </datafield>
</record>
